
@misc{theworldbankNewProjectWill2022new,
	type = {Text/{HTML}},
	title = {New {Project} will {Support} {Large}-{Scale} {Mangrove} {Conservation} and {Restoration} in {Indonesia}},
	url = {https://www.worldbank.org/en/news/press-release/2022/06/07/new-project-will-support-large-scale-mangrove-conservation-and-restoration-in-indonesia},
	abstract = {The World Bankâ€™s Board of Executive Directors approved a project to support the Government of Indonesia in enhancing the management of mangroves and livelihoods of local communities on May 20, 2022.},
	language = {en},
	urldate = {2023-06-15},
	journal = {The World Bank},
	author = {{World Bank},{}},
	month = jun,
	year = {2022},
	file = {Snapshot:C\:\\Users\\sophi\\Zotero\\storage\\L2AZCB3C\\new-project-will-support-large-scale-mangrove-conservation-and-restoration-in-indonesia.html:text/html},
}

@misc{blueforestsAdaptiveCollaborativeManagement2012new,
	title = {Adaptive {Collaborative} {Management} {Plan}  for {Building} {Mangrove} {Resilience} in {Tanakeke} {Island}},
	language = {en},
	author = {{Blue Forests},{}},
	year = {2012},
	file = {2012-Adaptive-Collaborative-Mgmt-Plan-Tanakeke-Island.pdf:C\:\\Users\\sophi\\Zotero\\storage\\YRKAPKBF\\2012-Adaptive-Collaborative-Mgmt-Plan-Tanakeke-Island.pdf:application/pdf},
}

  @Article{bibmtx,
    title = {bibliometrix: An R-tool for comprehensive science mapping
      analysis},
    author = {Massimo Aria and Corrado Cuccurullo},
    journal = {Journal of Informetrics},
    year = {2017},
    doi = {10.1016/j.joi.2017.08.007},
  }

@techreport{SharingLessonsMangrove2012a,
  title = {{Sharing Lessons} on {Mangrove Restoration}},
  author = {Macintosh, D.J., Mahindapala, R., Markopoulos, M},
  year = {2012},
  address = {Bangkok, Thailand},
  institution = {Bangkok, Thailand: Mangroves for the Future and Gland, Switzerland: IUCN},
  langid = {english},
  file = {C:\Users\Sophi\Zotero\storage\C8PJNSZT\2022 - The State of World Fisheries and Aquaculture 2022.pdf}
}
